% Encoding UTF-8

@article{IEDI,
author = {Instituto de Estudos para o Desenvolvimento Industrial IEDI},
title = {Panorama Da Indústria de Transformação Mundial.},
journaltitle = {Carta IEDI},
year = {2020},
DOI = {httpswww.iedi.org.brcartascarta_iedi_n_1032.html},
OPTurldate = {2024},
}

@misc{fiec-sondagem,
    title = {Sondagem Industrial},
    author = {{Federação das Indústrias do Estado do Ceará}},
    year = {2006},
    howpublished = {Disponível em: \url{http://www.fiec.org.br/sondagem_industrial/default.asp}}
}

@misc{guia-do-estudante,
    title = {Guia do Estudante},
    howpublished = {Disponível em: \url{http://guiadoestudante.abril.com.br/profissoes/engenharia-producao/automacao-industrial-602871.shtml}},
    note = {Acesso em 5 de setembro de 2011}
}


Aqui está a citação formatada em LaTeX para o Regulamento de Ordem Didática do Instituto Federal de Educação, Ciência e Tecnologia do Ceará (IFCE):

@misc{ifce-rod,
    title = {Regulamento de Organização Didática (ROD)},
    author = {{Instituto Federal de Educação, Ciência e Tecnologia do Ceará}},
    year = {2010},
    howpublished = {Disponível em: \url{http://www.ifce.edu.br/images/stories/menu_superior/Ensino/ROD/ROD-Comisso_de_Sistematizao27.pdf}},
    note = {Acesso em 14 de novembro de 2014}
}

@misc{rais,
    title = {Relação Anual de Informações Sociais (RAIS)},
    howpublished = {Disponível em: \url{http://www.mte.gov.br/geral/estatisticas.asp?viewarea=rais}},
    note = {Acesso em 10 de junho de 2011}
}

@book{sagan-mundo-assombrado,
    author = {Carl Sagan},
    title = {O Mundo Assombrado Pelos Demônios: A Ciência Vista como uma Vela no Escuro},
    publisher = {Companhia das Letras},
    year = {2003},
    pages = {39},
}


Aqui está a citação formatada em LaTeX para o artigo “Industrialização no Interior ainda é um desafio a vencer”, escrito por Karoline Viana e publicado no Diário do Nordeste:

@article{viana-industrializacao,
    author = {Karoline Viana},
    title = {Industrialização no Interior ainda é um desafio a vencer},
    journal = {Diário do Nordeste},
    year = {2010},
    month = {maio},
    day = {23},
    note = {Disponível em: \url{http://diariodonordeste.globo.com/materia.asp?codigo=789274}},
    howpublished = {Acesso em 13 de setembro de 2011},
}

@Comment{jabref-meta databaseTypebibtex;}
